% This file was created with JabRef 2.9.2.
% Encoding: UTF8

@ARTICLE{Achlioptas,
  author = {Achlioptas, D. and D'Souza, R. M. and Spencer, J.},
  title = {Explosive Percolation in Random Networks},
  journal = {Science},
  year = {2009},
  volume = {323},
  pages = {1453},
  file = {:/Physics/articles/Arenzon,J.J. et al - Exact Results for Curvature-Driven Coarsening in Two Dimensions(2).pdf:PDF},
  owner = {article},
  timestamp = {2008.11.09}
}

@ARTICLE{AllenCahn,
  author = {Allen,Sam M. and Cahn,John W.},
  title = {A microscopic theory for antiphase boundary motion and its application
	to antiphase domain coarsening},
  journal = {Acta Metallurgica},
  year = {1979},
  volume = {27},
  pages = {1085-1095},
  file = {:home/mpoloureiro/Research/Articles/Allen,S.M. and Cahn,J.W. - A microscopic theory for antiphase boundary motion and its application to antiphase domain coarsening.pdf:PDF},
  owner = {thesis},
  timestamp = {2009.03.09}
}

@ARTICLE{PRLJeferson,
  author = {Arenzon,Jeferson J. and Bray,Alan J. and Cugliandolo,Leticia F. and
	Sicilia,Alberto},
  title = {Exact results for curvature-driven coarsening in two dimensions},
  journal = {Physical Review Letters},
  year = {2007},
  volume = {98},
  pages = {145701},
  file = {:/Physics/articles/Arenzon,J.J. et al - Exact Results for Curvature-Driven Coarsening in Two Dimensions(2).pdf:PDF},
  owner = {article},
  timestamp = {2008.11.09}
}

@ARTICLE{Babcock1990,
  author = {Babcock,K.L. and Seshadri, R. and Westervelt, R. M.},
  title = {Coarsening of cellular domain patterns in magnetic garnet films},
  journal = {Physical Review A},
  year = {1990},
  volume = {41},
  pages = {1952},
  file = {:home/mpoloureiro/Research/Articles/Babcock,K.L. et al - Coarsening of cellular domain patterns in magnetic garnet films.pdf:PDF},
  owner = {article},
  timestamp = {2009.12.12}
}

@ARTICLE{BlanchardCugliandoloPicco,
  author = {Blanchard, T. and Cugliandolo, L. F. and Picco, M.},
  title = {A morphological study of cluster dynamics between critical points},
  journal = {Journal of Statistical Mechanics: Theory and Experiment},
  year = {2012},
  volume = {2012},
  pages = {P05026},
  number = {05}
}

@ARTICLE{BlanchardPicco,
  author = {Blanchard, T. and Picco, M.},
  title = {Frozen into stripes: Fate of the critical Ising model after a quench},
  journal = {Phys. Rev. E},
  year = {2013},
  volume = {88},
  pages = {032131},
  issue = {3}
}

@ARTICLE{ReviewBray,
  author = {Bray,A. J.},
  title = {Theory of phase ordering kinetics},
  journal = {Advances in Physics},
  year = {1994},
  volume = {43},
  pages = {357-459},
  file = {:home/mpoloureiro/Research/Articles/Bray,A.J. - Theory of phase ordering kinetics(2).pdf:PDF},
  owner = {article},
  timestamp = {2009.03.07}
}

@BOOK{Callen,
  title = {{T}hermodynamics and an {I}ntroduction to {T}hermostatistics},
  publisher = {John Willey \& Sons, Inc.},
  year = {1985},
  author = {Callen, H. B.},
  file = {:home/mpoloureiro/Books/Monte Carlo Methods in Statistical Physics - Newman.djvu:Djvu},
  owner = {article},
  timestamp = {2009.03.08}
}

@ARTICLE{Cardy2003,
  author = {Cardy,John and Ziff,Robert M.},
  title = {Exact results for the universal area distribution of cluster in percolation,
	{I}sing, and {P}otts model},
  journal = {Journal of Statistical Physics},
  year = {2003},
  volume = {110},
  pages = {1-33},
  file = {:home/mpoloureiro/Research/Articles/Cardy,J. and Ziff,R.M. - Exact Results for the Universal Area Distribution of Clusters in Percolation.pdf:PDF},
  owner = {article},
  timestamp = {2009.03.10}
}

@ARTICLE{ConiglioKlein,
  author = {A. Coniglio and W. Klein},
  title = {Clusters and Ising Critical Droplets: A Renormalization Group Approach},
  journal = {J. Phys. A},
  year = {1980},
  volume = {13},
  pages = {2775},
  file = {:home/mpoloureiro/Research/Articles/Allen,S.M. and Cahn,J.W. - A microscopic theory for antiphase boundary motion and its application to antiphase domain coarsening.pdf:PDF},
  owner = {thesis},
  timestamp = {2009.03.09}
}

@ARTICLE{DerridaOliveiraStauffer,
  author = {B. Derrida and P.M.C. de Oliveira and D. Stauffer},
  title = {Stable spins in the zero temperature dynamics of 2d {P}otts models},
  journal = {Physica A},
  year = {1996},
  volume = {224},
  pages = {604-613},
  file = {:/Physics/articles/Sicilia,A. et al - Domain growth morphology in curvature-driven two-dimensional coarsening(2).pdf:PDF},
  owner = {article},
  timestamp = {2009.01.20}
}

@ARTICLE{FortuinKasteleyn,
  author = {Fortuin, C. M. and Kasteleyn, P. W.},
  title = {On the Random-Cluster model. {I}. {I}ntroduction and relation to
	other models.},
  journal = {Physica},
  year = {1972},
  volume = {57},
  pages = {536-564},
  file = {:home/mpoloureiro/Research/Articles/Allen,S.M. and Cahn,J.W. - A microscopic theory for antiphase boundary motion and its application to antiphase domain coarsening.pdf:PDF},
  owner = {thesis},
  timestamp = {2009.03.09}
}

@ARTICLE{Glazier1990,
  author = {Glazier,J.A. and Anderson,M.P and Grest,G.S.},
  title = {Coarsening in two dimensional soap froth and the large $q$ {P}otts
	model: a detailed comparison},
  journal = {Philosophical Magazine B},
  year = {1990},
  volume = {62},
  pages = {615-645},
  file = {:/home/mpoloureiro/Research/Articles/Glazier,J.A. et al - Coarsening in the two-dimensional soap froth and the large q Potts model\: a detailed comparison.pdf:PDF},
  owner = {article},
  timestamp = {2009.03.16}
}

@ARTICLE{HoshenKopelman,
  author = {Hoshen,J. and Kopelman,R.},
  title = {Percolation and cluster distribution. {I}- {C}luster multiple labeling
	technique and critical concentration algorithm},
  journal = {Physical Review B},
  year = {1976},
  volume = {14},
  pages = {3438},
  file = {:home/mpoloureiro/Research/Articles/ArtThese/Hoshen,J. and Kopelman,R. - Percolation and cluster distribution. I- Cluster multiple labeling technique and critical concentration algorithm.pdf:PDF},
  owner = {thesis},
  timestamp = {2010.07.27}
}

@BOOK{Huang,
  title = {{S}tatistical {M}echanics},
  publisher = {John Willey \& Sons, Inc.},
  year = {1987},
  author = {Huang, K.},
  file = {:home/mpoloureiro/Books/Monte Carlo Methods in Statistical Physics - Newman.djvu:Djvu},
  owner = {article},
  timestamp = {2009.03.08}
}

@ARTICLE{Jagla2004,
  author = {Jagla,E.A.},
  title = {Numerical simulations of two-dimensional magnetic domain patterns},
  journal = {Physical Review E},
  year = {2004},
  volume = {70},
  pages = {046204},
  file = {:home/mpoloureiro/Research/Articles/Jagla,E.A. - Numerical simulations of two-dimensional magnetic domain patterns.pdf:PDF},
  owner = {article},
  timestamp = {2009.12.12}
}

@ARTICLE{JoYiBaekKim,
  author = {W. S. Jo and S. D. Yi and S. K. Baek and B. J. Kim},
  title = {Cluster-size heterogeneity in the two-dimensional Ising model},
  journal = {Physical Review E},
  year = {2012},
  volume = {86},
  pages = {032103},
  file = {:/Physics/articles/Sicilia,A. et al - Domain growth morphology in curvature-driven two-dimensional coarsening(2).pdf:PDF},
  owner = {article},
  timestamp = {2009.01.20}
}

@ARTICLE{LeeKimPark,
  author = {H. K. Lee and B. J. Kim and H. Park},
  title = {Continuity of the explosive percolation transition},
  journal = {Physical Review E},
  year = {2011},
  volume = {84},
  pages = {020101},
  file = {:/Physics/articles/Sicilia,A. et al - Domain growth morphology in curvature-driven two-dimensional coarsening(2).pdf:PDF},
  owner = {article},
  timestamp = {2009.01.20}
}

@ARTICLE{Lifshitz1962,
  author = {Lifshitz,I. M.},
  title = {Kinetics of ordering during second-order phase transitions},
  journal = {Soviet Physics - JETP},
  year = {1962},
  volume = {15},
  pages = {939},
  file = {:home/mpoloureiro/Research/Articles/Lifshitz,I.M. - Kinetics of ordering during second-order phase transitions.pdf:PDF},
  owner = {article},
  timestamp = {2009.03.09}
}

@ARTICLE{Lifshitz1961,
  author = {Lifshitz,I. M. and Slyozov,V. V.},
  title = {The kinetics of precipitation from supersaturated solid solutions},
  journal = {Journal of Physics and Chemistry of Solids},
  year = {1961},
  volume = {19},
  pages = {35-50},
  owner = {mpoloureiro},
  timestamp = {2009.03.08}
}

@PHDTHESIS{TeseMP,
  author = {Loureiro,M.P.O.},
  title = {Evolução de domínios no modelo de {P}otts bidimensional},
  school = {Universidade Federal do Rio Grande do Sul},
  year = {2010},
  owner = {andre},
  timestamp = {2013.08.23}
}

@ARTICLE{LoureiroPRE,
  author = {Loureiro,M.P.O. and Arenzon,J.J. and Cugliandolo,L.F. and Sicilia,
	A.},
  title = {Curvature-driven coarsening in the two-dimensional {P}otts model},
  journal = {Physical Review E},
  year = {2010},
  volume = {81},
  pages = {021129},
  file = {:/Physics/articles/Loureiro,M.P.O. et al - Curvature-driven coarsening in the two dimensional Potts model.pdf:PDF},
  owner = {thesis},
  timestamp = {2010.07.15}
}

@ARTICLE{LoureiroPRE2012,
  author = {Loureiro, Marcos P.O. and Arenzon, Jeferson J. and Cugliandolo, Leticia
	F.},
  title = {Geometrical properties of the {P}otts model during the coarsening
	regime},
  journal = {Phys. Rev. E},
  year = {2012},
  volume = {85},
  pages = {021135},
  issue = {2}
}

@ARTICLE{LvYangDeng,
  author = {J.-P. Lv and X. Yang and Y. Deng},
  title = {Scaling of cluster heterogeneity in the two-dimensional Potts model},
  journal = {Physical Review E},
  year = {2012},
  volume = {86},
  pages = {022105},
  file = {:/Physics/articles/Sicilia,A. et al - Domain growth morphology in curvature-driven two-dimensional coarsening(2).pdf:PDF},
  owner = {article},
  timestamp = {2009.01.20}
}

@ARTICLE{Mombach1993,
  author = {Mombach,J.C.M. and Almeida,R.M.C. and Iglesias,J.R.},
  title = {Mitosis and growth in biological tissues},
  journal = {Physical Review E},
  year = {1993},
  volume = {48},
  pages = {598},
  file = {:/home/mpoloureiro/Research/Articles/Mombach,J.C.M. et al - Mitosis and growth in biological tissues.pdf:PDF},
  owner = {article},
  timestamp = {2009.03.16}
}

@ARTICLE{Mullins1956,
  author = {Mullins,W.W.},
  title = {Two-dimensional motion of idealized grain boundaries},
  journal = {Journal of Applied Physics},
  year = {1956},
  volume = {27},
  pages = {900},
  file = {:home/mpoloureiro/Research/Articles/Mullins,W.W. - Two-dimensional motion of idealized grain boundaries.pdf:PDF},
  owner = {article},
  timestamp = {2009.12.12}
}

@CONFERENCE{Neumann1952,
  author = {Neumann, John von},
  title = {Shape of {M}etals {G}rains},
  booktitle = {Metal {I}nterfaces},
  year = {1952},
  editor = {C. Herring},
  pages = {108-110},
  organization = {American {S}ociety for {M}etals},
  owner = {article},
  timestamp = {2010.01.12}
}

@BOOK{Newman,
  title = {Monte {C}arlo Methods in {S}tatistical {P}hysics},
  publisher = {Oxford University Press, New York, USA},
  year = {1999},
  author = {Newman,M.E.J. and Barkema,G.T.},
  file = {:home/mpoloureiro/Books/Monte Carlo Methods in Statistical Physics - Newman.djvu:Djvu},
  owner = {article},
  timestamp = {2009.03.08}
}

@ARTICLE{NohLeePark,
  author = {J. D. Noh and H. K. Lee and H. Park},
  title = {Scaling of cluster heterogeneity in percolation transitions},
  journal = {Physical Review E},
  year = {2011},
  volume = {84},
  pages = {010101},
  file = {:/Physics/articles/Sicilia,A. et al - Domain growth morphology in curvature-driven two-dimensional coarsening(2).pdf:PDF},
  owner = {article},
  timestamp = {2009.01.20}
}

@ARTICLE{Onsager,
  author = {Onsager, Lars},
  title = {Crystal statistics. {I}. {A} two-dimensional model with an order-disorder
	transition},
  journal = {Physical Review},
  year = {1944},
  volume = {65},
  pages = {117–149},
  file = {:home/mpoloureiro/Research/Articles/Allen,S.M. and Cahn,J.W. - A microscopic theory for antiphase boundary motion and its application to antiphase domain coarsening.pdf:PDF},
  owner = {thesis},
  timestamp = {2009.03.09}
}

@ARTICLE{Prozorov2008,
  author = {Prozorov, R. and Fidler, A. F. and Hoberg, J. R. and Canfield, P.
	C.},
  title = {Suprafroth in type-{I} superconductors},
  journal = {Nature Physics},
  year = {2008},
  volume = {4},
  pages = {327-332},
  file = {:home/mpoloureiro/Research/Articles/Prozorov,R. et al - The Suprafroth (Superconducting Froth).pdf:PDF},
  owner = {article},
  timestamp = {2009.05.20}
}

@ARTICLE{PREJeferson,
  author = {Sicilia,A. and Arenzon,J.J. and Bray,A.J. and Cougliandolo,L.F.},
  title = {Domain growth morphology in curvature-driven two-dimensional coarsening},
  journal = {Physical Review E},
  year = {2007},
  volume = {76},
  pages = {061116},
  file = {:/Physics/articles/Sicilia,A. et al - Domain growth morphology in curvature-driven two-dimensional coarsening(2).pdf:PDF},
  owner = {article},
  timestamp = {2009.01.20}
}

@ARTICLE{Sicilia2008,
  author = {Sicilia,A. and Arenzon,J.J. and Dierking,I. and Bray,A.J. and Cougliandolo,L.F.
	and Perdiguero,J.M. and Alonso,I. and Pintre,I.C.},
  title = {Experimental test of curvature-driven dynamics in the phase ordering
	of a two dimensional liquid crystal},
  journal = {Physical Review Letters},
  year = {2008},
  volume = {101},
  pages = {197801},
  file = {:home/mpoloureiro/Research/Articles/Sicilia,A. et al - Experimental Test of Curvature-Driven Dynamics in the Phase Ordering of a Two Dimensional Liquid Crystal(2).pdf:PDF},
  owner = {article},
  timestamp = {2009.03.16}
}

@INCOLLECTION{Stauffer,
  author = {Stauffer, Dietrich},
  title = {Percolation and Cluster Size Distribution},
  booktitle = {On Growth and Form},
  publisher = {Springer Netherlands},
  year = {1985},
  editor = {Stanley, H.Eugene and Ostrowsky, Nicole},
  volume = {100},
  series = {NATO ASI Series},
  pages = {79-100},
  doi = {10.1007/978-94-009-5165-5_5},
  isbn = {978-0-89838-850-3},
  language = {English}
}

@ARTICLE{SwendsenWang,
  author = {Swendsen, R. H. and Wang, J.},
  title = {Nonuniversal critical dynamics in {M}onte {C}arlo simulations},
  journal = {Phys. Rev. Lett.},
  year = {1987},
  volume = {58(2)},
  pages = {86–88},
  owner = {andre},
  timestamp = {2013.09.18}
}

@ARTICLE{Willemse,
  author = {Willemse, R. C. and Ramaker, E. J. J. and Van Dam, J. and De Boer,
	A. P.},
  title = {Coarsening in molten quiescent polymer blends: The role of the initial
	morphology},
  journal = {Polym Eng Sci},
  year = {1999},
  volume = {39},
  pages = {1717–1725},
  owner = {andre},
  timestamp = {2013.09.27}
}

@ARTICLE{Wu,
  author = {Wu,F. W.},
  title = {The {P}otts model},
  journal = {Reviews of Modern Physics},
  year = {1982},
  volume = {54},
  pages = {235-268},
  file = {:home/mpoloureiro/Research/Articles/Wu,F.Y. - The Potts model.pdf:PDF},
  owner = {article},
  timestamp = {2009.03.11}
}

@comment{jabref-meta: selector_publisher:}

@comment{jabref-meta: selector_author:}

@comment{jabref-meta: selector_journal:}

@comment{jabref-meta: selector_keywords:}

@comment{jabref-meta: groupsversion:3;}

@comment{jabref-meta: groupstree:
0 AllEntriesGroup:;
1 ExplicitGroup:Article\;0\;PREJeferson\;PRLJeferson\;;
1 ExplicitGroup:Thesis\;0\;LoureiroPRE\;;
}

